<?xml version="1.0" encoding="UTF-8"?><record xmlns="http://www.loc.gov/MARC21/slim" xmlns:cinclude="http://apache.org/cocoon/include/1.0" xmlns:zs="http://www.loc.gov/zing/srw/">
  <leader>00471cz  a2200133n  4500</leader>
  <controlfield tag="001">n  88072199 </controlfield>
  <controlfield tag="003">DLC</controlfield>
  <controlfield tag="005">20080303080322.0</controlfield>
  <controlfield tag="008">880719n| acannaabn          |n aaa      </controlfield>
  <datafield tag="010" ind1=" " ind2=" ">
    <subfield code="a">n  88072199 </subfield>
  </datafield>
  <datafield tag="035" ind1=" " ind2=" ">
    <subfield code="a">(OCoLC)oca02322300</subfield>
  </datafield>
  <datafield tag="040" ind1=" " ind2=" ">
    <subfield code="a">DLC</subfield>
    <subfield code="b">eng</subfield>
    <subfield code="c">DLC</subfield>
    <subfield code="d">DLC</subfield>
    <subfield code="d">OCoLC</subfield>
  </datafield>
  <datafield tag="100" ind1="1" ind2=" ">
    <subfield code="a">Pádua, José Augusto</subfield>
  </datafield>
  <datafield tag="670" ind1=" " ind2=" ">
    <subfield code="a">Ecologia e política no Brasil, c1987:</subfield>
    <subfield code="b">t.p. (José Augusto Pádua) p. [11] (editor of weekly Ecologia, política e sociedade; history professor at PUC-RJ)</subfield>
  </datafield>
</record>